<?xml version="1.0" encoding="UTF-8"?><collection xmlns="http://www.loc.gov/MARC21/slim"><record><leader>00574nam--2200193-i-4500</leader><controlfield tag="001">000027080</controlfield><controlfield tag="002">20161230</controlfield><controlfield tag="005">20161230201036</controlfield><controlfield tag="008">060222s1000------------r-----000-0-eng-d</controlfield><datafield ind1=" " ind2=" " tag="040"><subfield code="a">IFIN-HH</subfield></datafield><datafield ind1=" " ind2=" " tag="080"><subfield code="a">548.1.021(083.4)</subfield></datafield><datafield ind1="1" ind2=" " tag="100"><subfield code="a">Hellner, E</subfield></datafield><datafield ind1="1" ind2="0" tag="245"><subfield code="a">Zaed the homogeneous frameworks of the cubic crystal structures</subfield><subfield code="c">E. hellner, e. koch, a. reinhardt</subfield></datafield><datafield ind1=" " ind2=" " tag="260"><subfield code="a">Karlsruhe</subfield><subfield code="b">Fachinformationszentrum</subfield><subfield code="c">1981</subfield></datafield><datafield ind1=" " ind2=" " tag="300"><subfield code="a">71P</subfield></datafield><datafield ind1=" " ind2=" " tag="490"><subfield code="a">Physik Daten Physics Data 16-2 1981</subfield></datafield><datafield ind1="1" ind2=" " tag="700"><subfield code="a">Reinhardt, A</subfield></datafield><datafield ind1=" " ind2=" " tag="852"><subfield code="a">47445</subfield><subfield code="c">53.081</subfield></datafield><datafield ind1=" " ind2=" " tag="CAT"><subfield code="a">Sys</subfield><subfield code="c">20160404</subfield><subfield code="h">122312</subfield></datafield></record></collection>